@book{fortescue2011spacecraft,
  title={Spacecraft Systems Engineering},
  author={Fortescue, P. and Swinerd, G. and Stark, J.},
  isbn={9781119978367},
  url={http://books.google.nl/books?id=cCYP0rVR\_IEC},
  year={2011},
  publisher={John Wiley \& Sons}
}
@book{wertz1999space,
  title={Space Mission Analysis and Design},
  author={Wertz, J.R. and Larson, W.J.},
  isbn={9780792359012},
  lccn={2005283477},
  series={Space Technology Library},
  url={http://books.google.nl/books?id=QJanyiWfvXMC},
  year={1999},
  publisher={Springer}
}
@misc{nasaeuropa,
  title={Europa: Facts \& Figures},
  author={NASA},
  publisher={NASA},
  series={Solar System Exploration},
  howpublished={\url{http://solarsystem.nasa.gov/planets/profile.cfm?Object=Jup_Europa&Display=Facts&System=Metric}}
}
@techreport{sweetser1997trajectory,
  title={Trajectory Design for a {E}uropa Orbitter Mission: A Plethora of Astrodynamic Challenges},
  author={Sweetser, T. and Maddock, R. and Johannesen, J. and Bell, J. and Penzo, P. and Wolf, A. and Williams, S. and Matousek, S. and Weinstein, S.},
  institution={American Astronomical Society},
  year={1997}
}
@book{brown2002elements,
  title={Elements of Spacecraft Design},
  author={Brown, C.D.},
  isbn={9781563475245},
  lccn={2002010232},
  series={AIAA Education Series},
  url={http://books.google.nl/books?id=mTSSMhcmVbkC},
  year={2002},
  publisher={American Institute of Aeronautics and Astronautics, Incorporated}
}
@misc{nasagalileo,
  title={Galileo},
  author={NASA},
  publisher={NASA},
  series={Solar System Exploration},
  howpublished={\url{http://solarsystem.nasa.gov/missions/profile.cfm?Sort=Alpha&Alias=Galileo&Letter=G&Display=ReadMore}}
}
@techreport{jplgalileo,
  title={Galileo End of Mission},
  author={NASA},
  institution={NASA},
  year={2003},
  month={September},
  howpublished={\url{http://www.jpl.nasa.gov/news/press_kits/galileo-end.pdf}}
}
@misc{nasajuno,
  title={Juno},
  author={NASA},
  publisher={NASA},
  series={Solar System Exploration},
  howpublished={\url{http://solarsystem.nasa.gov/missions/profile.cfm?Sort=Target&Target=Jupiter&MCode=Juno&Display=ReadMore}}
}
@misc{nasajeo,
  title={Jupiter {E}uropa {O}rbiter ({JEO}) Concept},
  author={NASA},
  publisher={NASA},
  howpublished={\url{http://opfm.jpl.nasa.gov/europajupitersystemmissionejsm/jupitereuropaorbiterconcept/}}
}
@techreport{esajuice,
  title={{JUICE}, Assessment Study Report},
  series={Exploring the emergence of habitable worlds around gas giants},
  author={ESA},
  institution={ESA},
  year={2011},
  month={December},
  howpublished={\url{http://sci2.esa.int/cosmic-vision/JUICE_Yellow_Book_Issue1.pdf}}
}
@misc{nasacassini,
  title={Cassini},
  author={NASA JPL},
  publisher={NASA JPL},
  howpublished={\url{http://saturn.jpl.nasa.gov}}
}
@misc{nasajupiter,
  title={Jupiter Fact Sheet},
  author={Dr. David R. Williams},
  publisher={NASA Goddard Space Flight Center},
  year={2010},
  month={November},
  howpublished={\url{http://nssdc.gsfc.nasa.gov/planetary/factsheet/jupiterfact.html}}
}
@misc{johnstonseuropa,
  title={Europa},
  author={Wm. Robert Johnston},
  publisher={Johnston's Archive},
  year={2003},
  month={January},
  howpublished={\url{http://www.johnstonsarchive.net/astro/europa.html}}
}
@misc{solarviewseuropa,
  title={Europa Statistics},
  author={Calvin J. Hamilton},
  publisher={Views of the Solar System},
  howpublished={\url{http://www.solarviews.com/eng/europa.htm}}
}
@misc{esajuicespacecraft,
  title={{JUICE}},
  author={ESA},
  publisher={ESA},
  year={2012},
  month={March},
  howpublished={\url{http://sci.esa.int/science-e/www/object/index.cfm?fobjectid=50069}}
}
@misc{nasacassinisheet,
  title={The {C}assini Mission to {S}aturn},
  author={NASA},
  institution={NASA},
  publisher={NASA},
  year={1999},
  month={October},
  howpublished={\url{http://saturn.jpl.nasa.gov/multimedia/products/pdfs/cassini_msn.pdf}}
}
@misc{nasacassinioverview,
  title={Cassini Quick Facts},
  author={NASA},
  publisher={NASA},
  howpublished={\url{http://saturn.jpl.nasa.gov/mission/quickfacts/}}
}
@techreport{ae2100reader,
  title={{AE2100} Project Reader - Spacecraft},
  author={Angelo Cervone},
  publisher={TU Delft},
  institution={TU Delft},
  year={2012},
  month={August}
}
@book{Wertz2011SpaceMissionEng,
  title={Space Mission Engineering: The New {SMAD}},
  author={Wert, J.R. and Everett, D.F. and Puschell, J.J.},
  isbn={9781881883159},
  year={2011},
  publisher={Microcosm Press}
}
@techreport{ae1201reader,
  title={Aerospace Design and Systems Engineering Elements {I}, Part: Spacecraft (bus) Design and Sizing},
  author={Zandbergen, B.T.C},
  publisher={TU Delft},
  institution={TU Delft},
  year={2011}
}
@misc{DMullerNet,
  title={Juno Real-Time Simulation},
  author={Daniel Muller},
  publisher={Daniel Muller},
  howpublished={\url{http://www.dmuller.net/spaceflight/realtime.php?mission=juno&appear=black&mtype=scet&showimg=yes}}
}
@misc{Ampac,
  title="{ACS} / APOGEE BIPROPELLANT THRUSTERS",
  author="{AMPAC} In-Space Propulsion",
  publisher="{AMPAC} In-Space Propulsion",
  howpublished={\url{http://www.ampac-isp.co.uk/products_1.php}}
}
@techreport{LVCFalcon9,
  title={Falcon 9 Launch Vehicle Payload Userâ€™s Guide},
  author={SpaceX},
  publisher={SpaceX},
  institution={SpaceX},
  year={2009}
}
@misc{junolaunch,
  title={Juno Launch},
  author={NASA},
  publisher={NASA},
  year={2011},
  month={August},
  howpublished={\url{http://www.jpl.nasa.gov/news/press_kits/JunoLaunch.pdf}},
}
@misc{junofactsheet,
  title={Juno Mission to Jupiter},
  author={NASA},
  publisher={NASA},
  year={2009},
  month={April},
  howpublished={\url{http://www.nasa.gov/pdf/316306main_JunoFactSheet_2009sm.pdf}}
}